<record    xmlns:xsi="http://www.w3.org/2001/XMLSchema-instance"    xsi:schemaLocation="http://www.loc.gov/MARC21/slim http://www.loc.gov/standards/marcxml/schema/MARC21slim.xsd"    xmlns="http://www.loc.gov/MARC21/slim"><leader>00192nz  a2200073O  4500</leader><controlfield tag="001">54</controlfield><controlfield tag="003">CONS</controlfield><controlfield tag="005">19981117195632.0</controlfield><controlfield tag="008">970601 nbacannbabn           a ana     d</controlfield><datafield tag="035" ind1=" " ind2=" "><subfield code="a">(CONIFER)4874</subfield></datafield><datafield tag="100" ind1="1" ind2=" "><subfield code="a">Handel, George Frideric, 1685-1759.</subfield><subfield code="x">Operas</subfield></datafield><datafield tag="901" ind1=" " ind2=" "><subfield code="c">54</subfield><subfield code="t">authority</subfield></datafield></record>

